@inproceedings{luong16,
        Author = {Luong, Minh-Thang  and Manning, Christopher D.},
        Booktitle = {Under Review},
        Title = {Achieving Open Vocabulary Neural Machine Translation with
          Hybrid Word-Character Models},
        Year = {2016}}

@inproceedings{luong16iclr,
   author = {Minh-Thang Luong and Quoc V. Le and Ilya Sutskever and Oriol
     Vinyals and Lukasz Kaiser},
    title = {Multi-task sequence to sequence learning},
  booktitle = {ICLR},
     year = 2016,
}

@article{bhsne,
  author    = {Laurens van der Maaten},
  title     = {Barnes-Hut-SNE},
  journal   = {CoRR},
  volume    = {abs/1301.3342},
  year      = {2013},
}

@InProceedings{chrf,
  author    = {Popovi\'{c}, Maja},
  title     = {{chrF: character n-gram F-score for automatic MT evaluation}},
  booktitle = {WMT},
  year      = {2015},
}

@inproceedings{li15,
  author = {Li, Jiwei and Luong, Minh-Thang and Jurafsky, Dan},
  booktitle = {ACL},
  title = {A Hierarchical Neural Autoencoder for Paragraphs and Documents.},
  year = 2015
}

@article{chan15,
  author    = {William Chan and
               Navdeep Jaitly and
               Quoc V. Le and
               Oriol Vinyals},
  title     = {Listen, Attend and Spell},
  journal={arXiv preprint arXiv:1508.01211},
  year={2015}
}

@article{bahdanau15,
  author    = {Dzmitry Bahdanau and
               Jan Chorowski and
               Dmitriy Serdyuk and
               Philemon Brakel and
               Yoshua Bengio},
  title     = {End-to-End Attention-based Large Vocabulary Speech Recognition},
  journal={arXiv preprint arXiv:1508.04395},
  year={2015}
}

@inproceedings{ling15function,
  author = {Ling, Wang and Dyer, Chris and Black, Alan W. and Trancoso, Isabel and Fermandez, Ramon and Amir, Silvio and Marujo, Lu\'is and Lu\'is, Tiago},
  booktitle = {EMNLP},
  title = {Finding Function in Form: Compositional Character Models for Open Vocabulary Word Representation.},
  year = 2015
}


@InProceedings{ballesteros15,
  author    = {Ballesteros, Miguel  and  Dyer, Chris  and  Smith, Noah A.},
  title     = {Improved Transition-based Parsing by Modeling Characters instead of Words with LSTMs},
  booktitle = {EMNLP},
  year      = {2015},
}

@article{rafal16,
  title={Exploring the Limits of Language Modeling},
  author={{Jozefowicz}, R. and {Vinyals}, O. and {Schuster}, M. and {Shazeer}, N. and {Wu}, Y.},
  journal={arXiv preprint arXiv:1602.02410},
  year={2016}
}

@inproceedings{zhang15,
  author    = {Xiang Zhang and
               Junbo Zhao and
               Yann LeCun},
  title     = {Character-level Convolutional Networks for Text Classification},
  Booktitle = {NIPS},
  Year = {2015}
}


@inproceedings{kim16,
  author    = {Yoon Kim and
               Yacine Jernite and
               David Sontag and
               Alexander M. Rush},
  title     = {Character-Aware Neural Language Models},
  Booktitle = {AAAI},
  Year = {2016}
}



@article{sennrich15sub,
  author    = {Rico Sennrich and
               Barry Haddow and
               Alexandra Birch},
  title     = {Neural Machine Translation of Rare Words with Subword Units},
  journal={arXiv preprint arXiv:1508.07909},
  year      = {2015},
}

@inproceedings{luong15iwslt,
        Author = {Luong, Minh-Thang  and Manning, Christopher D.},
        Booktitle = {IWSLT},
        Title = {Stanford Neural Machine Translation Systems for Spoken Language Domain},
        Year = {2015}}

@InProceedings{bojar15wmt,
  author    = {Bojar, Ond\v{r}ej  and  Tamchyna, Ale\v{s}},
  title     = {{CUNI in WMT15: Chimera Strikes Again}},
  booktitle = {WMT},
  year      = {2015},
}

@InProceedings{jean15wmt,
  author    = {Jean, S\'{e}bastien  and  Firat, Orhan  and  Cho, Kyunghyun  and  Memisevic, Roland  and  Bengio, Yoshua},
  title     = {Montreal Neural Machine Translation Systems for {WMT}'15},
  booktitle = {WMT},
  year      = {2015},
}

@article{ling15char,
  title={Character-based Neural Machine Translation},
  author={Wang Ling and Isabel Trancoso and Chris Dyer and Alan Black},
  journal={arXiv preprint arXiv:1511.04586},
  year={2015}
}

@article{lstm97,
 author = {Hochreiter, Sepp and Schmidhuber, J\"{u}rgen},
 title = {Long Short-Term Memory},
 journal = {Neural Computation},
 volume = {9},
 number = {8},
 year = {1997},
 pages = {1735--1780},
}
@INPROCEEDINGS{bordes12,
     author = {Bordes, Antoine and Glorot, Xavier and Weston, Jason and Bengio, Yoshua},
      title = {Joint Learning of Words and Meaning Representations for Open-Text Semantic Parsing},
  booktitle = {AISTATS},
       year = {2012}
}

@InProceedings{bojar15,
  author    = {Bojar, Ond\v{r}ej  and  Chatterjee, Rajen  and  Federmann, Christian  and  Haddow, Barry  and  Huck, Matthias  and  Hokamp, Chris  and  Koehn, Philipp  and  Logacheva, Varvara  and  Monz, Christof  and  Negri, Matteo  and  Post, Matt  and  Scarton, Carolina  and  Specia, Lucia  and  Turchi, Marco},
  title     = {Findings of the 2015 Workshop on Statistical Machine Translation},
  booktitle = {WMT},
  year      = {2015},
}

@article{Marcus:1993:BLA,
 author = {Marcus, Mitchell P. and Marcinkiewicz, Mary Ann and Santorini, Beatrice},
 title = {Building a Large Annotated Corpus of English: The Penn Treebank},
 journal = {Computational Linguistics},
 volume = {19},
 number = {2},
 year = {1993},
 pages = {313--330},
}

@InProceedings{dai15,
  author    = {Andrew M. Dai and
               Quoc V. Le},
  title     = {Semi-supervised Sequence Learning},
  booktitle   = {NIPS},
  year      = {2015},
}

@InProceedings{kiros15skip,
  author    = {Ryan Kiros and
               Yukun Zhu and
               Ruslan Salakhutdinov and
               Richard S. Zemel and
               Antonio Torralba and
               Raquel Urtasun and
               Sanja Fidler},
  title     = {Skip-Thought Vectors},
  booktitle={NIPS},
  year      = {2015},
}
@InProceedings{vinyals15grammar,
  title={Grammar as a foreign language},
  author={Vinyals, Oriol and Kaiser, Lukasz and Koo, Terry and Petrov, Slav and Sutskever, Ilya and Hinton, Geoffrey},
  booktitle={NIPS},
  year={2015}
}

@InProceedings{vinyals15caption,
  title={Show and tell: A neural image caption generator},
  author={Vinyals, Oriol and Toshev, Alexander and Bengio, Samy and Erhan, Dumitru},
  booktitle={CVPR},
  year={2015}
}

@InProceedings{luong15attn,
  author    = {Luong, Minh-Thang  and  Pham, Hieu  and  Manning, Christopher D.},
  title     = {Effective Approaches to Attention-based Neural Machine Translation},
  booktitle = {EMNLP},
  year      = {2015},
}

@inproceedings{chen14joint,
  title={Joint acoustic modeling of triphones and trigraphemes by multi-task learning deep neural networks for low-resource speech recognition},
  author={Chen, Dongpeng and Mak, Brian and Leung, Cheung-Chi and Sivadas, Sunil},
  booktitle={ICASSP},
  year={2014},
}

@inproceedings{almeida13,
  title={Fast and Robust Compressive Summarization with Dual Decomposition and Multi-Task Learning.},
  author={Almeida, Miguel and Martins, Andr{\'e} FT},
  booktitle={ACL},
  year={2013}
}

@article{ando05,
 author = {Ando, Rie Kubota and Zhang, Tong},
 title = {A Framework for Learning Predictive Structures from Multiple Tasks and Unlabeled Data},
 journal = {JMLR},
 volume = {6},
 year = {2005},
 pages = {1817--1853},
} 

@inproceedings{kumar12,
  author    = {Abhishek Kumar and
               Hal Daum{\'{e}} III},
  title     = {Learning Task Grouping and Overlap in Multi-task Learning},
  booktitle = {ICML},
  year      = {2012},
}

@inproceeding{donahue14,
author={Jeff Donahue and Yangqing Jia and Oriol Vinyals and Judy Hoffman and Ning Zhang and Eric Tzeng and Trevor Darrell},
title={{DeCAF}: A Deep Convolutional Activation Feature for Generic Visual Recognition},
booktitle={ICML},
year={2014},
}

@inproceedings{huang2013cross,
  title={Cross-language knowledge transfer using multilingual deep neural network with shared hidden layers},
  author={Huang, Jui-Ting and Li, Jinyu and Yu, Dong and Deng, Li and Gong, Yifan},
  booktitle={ICASSP},
  year={2013},
}

@inproceedings{razavian2014cnn,
  title={{CNN} features off-the-shelf: an astounding baseline for recognition},
  author={Razavian, Ali S and Azizpour, Hossein and Sullivan, Josephine and Carlsson, Stefan},
  booktitle={CVPR DeepVision workshop},
  year={2014},
}

@inproceedings{heigold13,
  title={Multilingual acoustic models using distributed deep neural networks},
  author={Heigold, Georg and Vanhoucke, Vincent and Senior, Alan and Nguyen, Patrick and Ranzato, Marc'Aurelio and Devin, Matthieu and Dean, Jeffrey},
  booktitle={ICASSP},
  year={2013},
}

@inproceedings{deng13,
  title={Recent advances in deep learning for speech research at Microsoft},
  author={Deng, Li and Li, Jinyu and Huang, Jui-Ting and Yao, Kaisheng and Yu, Dong and Seide, Frank and Seltzer, Mike and Zweig, Geoffrey and He, Xiaodong and Williams, Julia and others},
  booktitle={ICASSP},
  year={2013},
}

@article{argyriou08,
  title={Convex multi-task feature learning},
  author={Argyriou, Andreas and Evgeniou, Theodoros and Pontil, Massimiliano},
  journal={Machine Learning},
  volume={73},
  number={3},
  pages={243--272},
  year={2008},
}

@inproceedings{evgeniou04,
  title={Regularized multi--task learning},
  author={Evgeniou, Theodoros and Pontil, Massimiliano},
  booktitle={SIGKDD},
  year={2004},
}

@inproceedings{zhang12robust,
  author    = {Tianzhu Zhang and
               Bernard Ghanem and
               Si Liu and
               Narendra Ahuja},
  title     = {Robust visual tracking via multi-task sparse learning},
  booktitle = {CVPR},
  year      = {2012},
}

 
@article{yuan12,
  author    = {Xiao{-}Tong Yuan and
               Xiaobai Liu and
               Shuicheng Yan},
  title     = {Visual Classification With Multitask Joint Sparse Representation},
  journal   = {{IEEE} Transactions on Image Processing},
  volume    = {21},
  number    = {10},
  year      = {2012},
}

@incollection{jalali10,
title = {A Dirty Model for Multi-task Learning},
author = {Ali Jalali and Sanghavi, Sujay and Chao Ruan and Pradeep K. Ravikumar},
booktitle = {NIPS},
year = {2010},
}

@article{zhang12convex,
  author = {Zhang, Yu and Yeung, Dit-Yan},
  journal = {CoRR},
  title = {A Convex Formulation for Learning Task Relationships in Multi-Task Learning},
  volume = {abs/1203.3536},
  year = 2012
}


@inproceedings{neubig15,
    title = {Multi-Target Machine Translation with Multi-Synchronous Context-free Grammars},
    author = {Graham Neubig and Philip Arthur and Kevin Duh},
    booktitle = {NAACL},
    year = {2015}
}

@INPROCEEDINGS{thrun96,
    author = {Sebastian Thrun},
    title = {Is Learning The n-th Thing Any Easier Than Learning The First?},
    booktitle = {NIPS},
    year = {1996},
}

@INPROCEEDINGS{argyriou07,
    author = {Andreas Argyriou and Theodoros Evgeniou and Massimiliano Pontil},
    title = {Multi-task feature learning},
    booktitle = {NIPS},
    year = {2007},
}

@article{lounici09,
    author = {Lounici, K. and Pontil, M. and Tsybakov, A. B. and Van De Geer, S.},
    journal = {COLT},
    title = {{Taking advantage of sparsity in multi-task learning}},
    year = {2009}
}


@article{caruana97,
 author = {Caruana, Rich},
 title = {Multitask Learning},
 journal = {Machine Learning},
 volume = {28},
 number = {1},
 year = {1997},
 pages = {41--75},
} 

@InProceedings{liu15,
author       = {Xiaodong Liu and Jianfeng Gao and Xiaodong He and Li Deng and Kevin Duh and Ye-Yi
                Wang},
title        = {Representation Learning Using Multi-Task Deep Neural Networks for Semantic
                Classification and Information Retrieval},
booktitle    = {NAACL},
year         = {2015},
}

@InProceedings{dong15,
  author    = {Dong, Daxiang  and  Wu, Hua  and  He, Wei  and  Yu, Dianhai  and  Wang, Haifeng},
  title     = {Multi-Task Learning for Multiple Language Translation},
  booktitle = {ACL},
  year      = {2015},
}

@article{jan14,
  author    = {Jan Chorowski and
               Dzmitry Bahdanau and
               Kyunghyun Cho and
               Yoshua Bengio},
  title     = {End-to-end Continuous Speech Recognition using Attention-based Recurrent
               {NN:} First Results},
  journal   = {CoRR},
  volume    = {abs/1412.1602},
  year      = {2014},
}
@article{fraser07,
 author = {Fraser, Alexander and Marcu, Daniel},
 title = {Measuring Word Alignment Quality for Statistical Machine Translation},
 journal= {Computational Linguistics}, 
 volume = {33},
 number = {3},
 year = {2007},
 pages = {293--303},
} 
@inproceedings{draw15,
  author    = {Karol Gregor and
               Ivo Danihelka and
               Alex Graves and
               Danilo Jimenez Rezende and
               Daan Wierstra},
  title     = {{DRAW:} {A} Recurrent Neural Network For Image Generation},
  booktitle = {ICML},
  year      = {2015},
}

@incollection{mnih14,
title = {Recurrent Models of Visual Attention},
author = {Mnih, Volodymyr and Heess, Nicolas and Graves, Alex and Kavukcuoglu, Koray},
booktitle = {NIPS},
year = {2014},
}

@inproceedings{xu15,
  author    = {Kelvin Xu and
               Jimmy Ba and
               Ryan Kiros and
               Kyunghyun Cho and
               Aaron C. Courville and
               Ruslan Salakhutdinov and
               Richard S. Zemel and
               Yoshua Bengio},
  title     = {Show, Attend and Tell: Neural Image Caption Generation with Visual
               Attention},
  booktitle = {ICML},
  year      = {2015},
}

@InProceedings{freitag14,
  author= {Freitag, Markus and Peitz, Stephan and Wuebker, Joern and Ney, Hermann and Huck, Matthias and Sennrich, Rico and Durrani, Nadir and Nadejde, Maria and Williams, Philip and Koehn, Philipp and Herrmann, Teresa and Cho, Eunah and Waibel, Alex},  
  title= {EU-BRIDGE MT: Combined Machine Translation},  
  booktitle= {WMT},  
  year= 2014, 
}

@inproceedings{buck14,
  author = {Christian Buck and Kenneth Heafield and Bas van Ooyen},
  title = {N-gram Counts and Language Models from the Common Crawl},
  year = {2014},
  booktitle = {LREC},
}

@inproceedings{luong15,
   author = {Minh-Thang Luong and Ilya Sutskever and Quoc V. Le and Oriol
     Vinyals and Wojciech Zaremba},
    title = {Addressing the Rare Word Problem in Neural Machine Translation},
  booktitle = {ACL},
     year = 2015,
}

@article{zaremba14,
  author    = {Wojciech Zaremba and
               Ilya Sutskever and
               Oriol Vinyals},
  title     = {Recurrent Neural Network Regularization},
  journal   = {CoRR},
  volume    = {abs/1409.2329},
  year      = {2014},
}

@inproceedings{jean15,
  author    = {S{\'{e}}bastien Jean and
               Kyunghyun Cho and
               Roland Memisevic and
               Yoshua Bengio},
  title     = {On Using Very Large Target Vocabulary for Neural Machine Translation},
  booktitle   = {ACL},
  year      = {2015},
}

@inproceedings{bog15,
  title={Neural Machine Translation by Jointly Learning to Align and Translate},
  author={Dzmitry Bahdanau and Kyunghyun Cho and Yoshua Bengio},
  booktitle={ICLR},
  year={2015}
}

@inproceedings{sutskever14,
title="Sequence to Sequence Learning with Neural Networks",
author="Ilya Sutskever and Oriol Vinyals and Quoc V. Le",
year="2014",
booktitle="NIPS",
}


@inproceedings{vaswani13decode,
 author = {Ashish Vaswani and Yinggong Zhao and Victoria Fossum and David Chiang},
 title = {Decoding with large-scale neural language models improves translation},
 booktitle = {EMNLP},
 year = {2013},
}

@inproceedings{Schwenk12continuous,
  author    = {Holger Schwenk},
  title     = {Continuous Space Translation Models for Phrase-Based Statistical
               Machine Translation},
  booktitle = {COLING},
  year      = {2012},
}

@inproceedings{Son:2012:CST,
 author = {Son, Le Hai and Allauzen, Alexandre and Yvon, Fran\c{c}ois},
 title = {Continuous Space Translation Models with Neural Networks},
 booktitle = {NAACL-HLT},
 year = {2012},
} 


@inproceedings{cer10phrasal,
  title={Phrasal: A statistical machine translation toolkit for exploring new model features},
  author={D. Cer and M. Galley and D. Jurafsky and C. D. Manning},
  booktitle={ACL, Demonstration Session},
  year={2010},
}

@inproceedings{dyer10cdec,
  title={cdec: A decoder, alignment, and learning framework for finite-state and context-free translation models},
  author={Chris Dyer and Jonathan Weese and Hendra Setiawan and Adam Lopez and Ferhan Ture and Vladimir Eidelman and Juri Ganitkevitch and Phil Blunsom and Philip Resnik},
  booktitle={ACL, Demonstration Session},
  year={2010},
}

@inproceedings{koehn2007moses,
  title={Moses: Open source toolkit for statistical machine translation},
  author={Koehn, Philipp and Hoang, Hieu and Birch, Alexandra and Callison-Burch, Chris and Federico, Marcello and Bertoldi, Nicola and Cowan, Brooke and Shen, Wade and Moran, Christine and Zens, Richard and others},
  booktitle={ACL, Demonstration Session},
  year={2007},
}

@Article{chiang07hiero,
  author= {David Chiang}, 
  title= {Hierarchical phrase-based translation},
  journal= {Computational Linguistics}, 
  pages= {201-228}, 
  volume= {33}, 
  number= {2},  
  year= 2007, 
}

@article{razvan,
  title={On the difficulty of training recurrent neural networks},
  author={R. Pascanu  and T. Mikolov and Y. Bengio},
  journal={arXiv preprint arXiv:1211.5063},
  year={2012}
}

@article{graves14,
  title={Neural Turing Machines},
  author={A. Graves  and G. Wayne and I. Danihelka},
  journal={arXiv preprint arXiv:1410.5401},
  year={2014}
}

@inproceedings{Koehn:2003:SMT,
 author = {Koehn, Philipp and Och, Franz Josef and Marcu, Daniel},
 title = {Statistical Phrase-based Translation},
 booktitle = {NAACL},
 year = {2003},
}

@inproceedings{chen2014,
      title={A Fast and Accurate Dependency Parser using Neural Networks},
      author={Chen, Danqi and Manning, Christopher D},
      booktitle={Empirical Methods in Natural Language Processing (EMNLP)},
      year={2014}
}

@inproceedings{graves13c,
title="Generating Sequences With Recurrent Neural Networks",
author="A. Graves",
year=2013,
booktitle="Arxiv preprint arXiv:1308.0850",
}

@article{hinton12,
author="G. Hinton and L. Deng and D. Yu and G. Dahl and A. Mohamed and N. Jaitly and A. Senior and V. Vanhoucke and P. Nguyen and T. Sainath and B. Kingsbury",
title="Deep Neural Networks for Acoustic Modeling in Speech Recognition",
journal="IEEE Signal Processing Magazine", 
year="2012"
}

@inproceedings{kriz12,
author="A. Krizhevsky and I. Sutskever and G.~E. Hinton",
title="{ImageNet} Classification with Deep Convolutional Neural Networks",
booktitle="NIPS",
year=2012,
}

@inproceedings{koehn2002learning,
  title={Learning a translation lexicon from monolingual corpora},
  author={Koehn, Philipp and Knight, Kevin},
  booktitle={ACL},
  year={2002},
}

@InProceedings{durrani-EtAl:2014:W14-33,
  author    = {Durrani, Nadir  and  Haddow, Barry  and  Koehn, Philipp  and  Heafield, Kenneth},
  title     = {Edinburgh's Phrase-based Machine Translation Systems for {WMT}-14},
  booktitle = {WMT},
  year      = {2014},
}

@inproceedings{Axelrod:2011:DAV,
 author = {Axelrod, Amittai and He, Xiaodong and Gao, Jianfeng},
 title = {Domain Adaptation via Pseudo In-domain Data Selection},
 booktitle = {EMNLP},
 year = {2011},
} 

@inproceedings{cho14,
  title            = "Learning Phrase Representations using {RNN} Encoder-Decoder for Statistical Machine Translation",
  year             = "2014",
  author           = "Kyunghyun Cho and Bart van Merrienboer and Caglar Gulcehre and Fethi Bougares and Holger Schwenk and Yoshua Bengio",
  booktitle        = "EMNLP",
}

@misc{wmt14_en_fr,
author = {H. Schwenk},
title = {University Le Mans},
year = {2014},
howpublished = "\url{http://www-lium.univ-lemans.fr/~schwenk/cslm_joint_paper/}",
note = "[Online; accessed 03-September-2014]"
}
                  
@inproceedings{lium,
  title={{LIUM}'s {SMT} machine translation systems for WMT 2011},
  author={H. Schwenk and P. Lambert and L. Barrault and C. Servan and H. Afli and S. Abdul-Rauf and K. Shah},
  booktitle={Proceedings of the Sixth Workshop on Statistical Machine Translation},
  year={2011},
}                  

@misc{statmt,
author = {statmt.org},
title = {statmt.org},
year = {2014},
howpublished = "\url{http://matrix.startmt.org/matrix/}",
note = "[Online; accessed 03-September-2014]"
}
@InProceedings{dyer13fastalign,
  author    = {Dyer, Chris  and  Chahuneau, Victor  and  Smith, Noah A.},
  title     = {A Simple, Fast, and Effective Reparameterization of IBM Model 2},
  booktitle = {NAACL-HLT},
  year      = {2013},
}

@Article{och03,
  author= {Och, Franz Josef and Ney, Hermann},  
  title= {A Systematic Comparison of Various Statistical Alignment Models}, 
  journal= {Computational Linguistics}, 
  pages= {19-51}, 
  volume= {29}, 
  number= {1},  
  year= 2003, 
}
@inproceedings{kal13,
  title={Recurrent Continuous Translation Models},
  year={2013},
  author={Nal Kalchbrenner and Phil Blunsom},
  booktitle={EMNLP}
}

@inproceedings{Daume:2011:DAM,
 author = {Daum{\'e},III, Hal and Jagarlamudi, Jagadeesh},
 title = {Domain Adaptation for Machine Translation by Mining Unseen Words},
 booktitle = {ACL-HLT},
 year = {2011},
} 

@inproceedings{Ni09multi,
  author = {Ni, Xiaochuan and Sun, Jian-Tao and Hu, Jian and Chen, Zheng},
  booktitle = {WWW},
  title = {Mining multilingual topics from wikipedia.},
  year = 2009
}

@article{Brown:1992:CNG,
 author = {Brown, Peter F. and deSouza, Peter V. and Mercer, Robert L. and Pietra, Vincent J. Della and Lai, Jenifer C.},
 title = {Class-based N-gram Models of Natural Language},
 journal = {Computational Linguistics},
 volume = {18},
 number = {4},
 year = {1992},
 pages = {467--479},
} 

@article{Blei:2003:LDA,
 author = {Blei, David M. and Ng, Andrew Y. and Jordan, Michael I.},
 title = {Latent Dirichlet Allocation},
 journal = {Journal of Machine Learning Research},
 volume = {3},
 year = {2003},
 pages = {993--1022},
}

@inproceedings{Dumais:1988:LSA,
 author = {Dumais, S. T. and Furnas, G. W. and Landauer, T. K. and Deerwester, S. and Harshman, R.},
 title = {Using Latent Semantic Analysis to Improve Access to Textual Information},
 booktitle = {CHI},
 year = {1988},
} 

@phdthesis{sahlgren06,
  author = {Sahlgren, Magnus},
  school = {Stockholm University},
  title = {The Word-Space Model: Using Distributional Analysis to Represent Syntagmatic and Paradigmatic Relations between Words in High-Dimensional Vector Spaces},
  year = 2006
}

@article{Kim:2004:LTL,
 author = {Kim, Woosung and Khudanpur, Sanjeev},
 title = {  Lexical Triggers and Latent Semantic Analysis for Cross-lingual Language Model Adaptation},
 journal = {Transactions on Asian Language Information Processing},
 volume = {3},
 number = {2},
 month = jun,
 year = {2004},
 pages = {94--112},
} 

@inproceedings{Mimno:2009:PTM,
 author = {Mimno, David and Wallach, Hanna M. and Naradowsky, Jason and Smith, David A. and McCallum, Andrew},
 title = {Polylingual Topic Models},
 booktitle = {EMNLP},
 year = {2009},
 pages = {880--889},
} 

@article{Turney:2010:FMV,
 author = {Turney, Peter D. and Pantel, Patrick},
 title = {From Frequency to Meaning: Vector Space Models of Semantics},
 journal = {Journal of Artificial Intelligence Research},
 volume = {37},
 number = {1},
 year = {2010},
 pages = {141--188},
}

@inproceedings{vulic2011identifying,
  author = {Vulic, Ivan and De Smet, Wim and Moens, Marie-Francine and Leuven, KU},
  booktitle = {ACL-HLT},
  title = {Identifying word translations from comparable corpora using latent topic models},
  year = 2011
}

@inproceedings{Rapp99,
  author = {Rapp, Reinhard},
  booktitle = {ACL},
  title = {Automatic Identification of Word Translations from Unrelated English and German Corpora},
  year = 1999
}


@inproceedings{gaussier-EtAl:2004:ACL,
  author    = {Gaussier, Eric  and  Renders, J.M.  and  Matveeva, I.  and  Goutte, C.  and  Dejean, H.},
  title     = {A Geometric View on Bilingual Lexicon Extraction from Comparable Corpora},
  booktitle = {ACL},
  year      = 2004,
}

@INPROCEEDINGS{Fung04mining,
    author = {Pascale Fung and Percy Cheung},
    title = {Mining Very Non-Parallel Corpora: Parallel Sentence and Lexicon Extraction via Bootstrapping and {EM}},
    booktitle = {EMNLP},
    year = {2004},
}

@article{tackstrom-etal-2013,
Author = {Oscar Täckström and Dipanjan Das and Slav Petrov and Ryan McDonald and Joakim Nivre},
Title = {Token and Type Constraints for Cross-Lingual Part-of-Speech Tagging},
Year = {2013},
Journal = {Transactions of the Association for Computational Linguistics},
Volume = {1},
Pages = {1-12}
}

@article{Pado:2009:crossSRL,
 author = {Pad\'{o}, Sebastian and Lapata, Mirella},
 title = {Cross-lingual Annotation Projection of Semantic Roles},
 journal = {Journal of Artificial Intelligence Research},
 volume = {36},
 number = {1},
 year = {2009},
 pages = {307--340},
} 

@article{LevowOR05:crossIR,
  author = {Levow, Gina-Anne and Oard, Douglas W. and Resnik, Philip},
  journal = {Information Processing and Management},
  number = 3,
  pages = {523-547},
  title = {Dictionary-based techniques for cross-language information retrieval},
  volume = 41,
  year = 2005
}

@InProceedings{durrett-pauls-klein:2012:EMNLP-CoNLL,
  author    = {Durrett, Greg  and  Pauls, Adam  and  Klein, Dan},
  title     = {Syntactic Transfer Using a Bilingual Lexicon},
  booktitle = {EMNLP-CoNLL},
  year      = {2012},
}

@InProceedings{vulic-moens:2013:EMNLP,
  author    = {Vuli\'{c}, Ivan  and  Moens, Marie-Francine},
  title     = {A Study on Bootstrapping Bilingual Vector Spaces from Non-Parallel Data (and Nothing Else)},
  booktitle = {EMNLP},
  year      = {2013},
}

@INPROCEEDINGS{Papineni02bleu,
    author = {Kishore Papineni and Salim Roukos and Todd Ward and Wei-jing Zhu},
    title = {BLEU: a Method for Automatic Evaluation of Machine Translation},
    booktitle = {ACL},
    year = {2002},
}

@article{Brown:1993:MSM,
 author = {Brown, Peter F. and Pietra, Vincent J. Della and Pietra, Stephen A. Della and Mercer, Robert L.},
 title = {The Mathematics of Statistical Machine Translation: Parameter Estimation},
 journal = {Computational Linguistics},
 volume = {19},
 number = {2},
 month = jun,
 year = {1993},
 pages = {263--311},
} 

@inproceedings{Garera:2009:ITL,
 author = {Garera, Nikesh and Callison-Burch, Chris and Yarowsky, David},
 title = {Improving Translation Lexicon Induction from Monolingual Corpora via Dependency Contexts and Part-of-speech Equivalences},
 booktitle = {CoNLL},
 year = {2009},
} 

@inproceedings{Boyd-Graber:2009:MTM,
 author = {Boyd-Graber, Jordan and Blei, David M.},
 title = {Multilingual Topic Models for Unaligned Text},
 booktitle = {UAI},
 year = {2009},
} 

@inproceedings{Platt:2010:TDR,
 author = {Platt, John C. and Toutanova, Kristina and Yih, Wen-tau},
 title = {Translingual Document Representations from Discriminative Projections},
 booktitle = {EMNLP},
 year = {2010},
} 

@inproceedings{HaghighiLBK08,
  author = {Haghighi, Aria and Liang, Percy and Berg-Kirkpatrick, Taylor and Klein, Dan},
  booktitle = {ACL},
  title = {Learning Bilingual Lexicons from Monolingual Corpora},
  year = 2008
}

@inproceedings{Sumita:2000:lexical,
 author = {Sumita, Eiichiro},
 title = {Lexical transfer using a vector-space model},
 booktitle = {ACL},
 year = {2000},
}

@inproceedings{Peirsman:2010:CIS,
 author = {Peirsman, Yves and Pad\'{o}, Sebastian},
 title = {Cross-lingual Induction of Selectional Preferences with Bilingual Vector Spaces},
 booktitle = {NAACL-HLT},
 year = {2010},
} 

@inproceedings{Boyd-Graber:2010:HSA,
 author = {Boyd-Graber, Jordan and Resnik, Philip},
 title = {Holistic Sentiment Analysis Across Languages: Multilingual Supervised Latent Dirichlet Allocation},
 booktitle = {EMNLP},
 year = {2010},
} 

@inproceedings{Ruiz:2011:TAL,
 author = {Ruiz, Nick and Federico, Marcello},
 title = {Topic Adaptation for Lecture Translation Through Bilingual Latent Semantic Models},
 booktitle = {WMT},
 year = {2011},
} 

@inproceedings{Tam07biLSA-spoken,
  author = {Tam, Yik-Cheung and Schultz, Tanja},
  booktitle = {Interspeech},
  title = {Bilingual {LSA}-based translation lexicon adaptation for spoken language translation.},
  year = 2007
}

@inproceedings{ZhaoXing2007,
    author = {Zhao, Bing and Xing, Eric P.},
    booktitle = {NIPS},
    title = {{HM-BiTAM: Bilingual Topic Exploration, Word Alignment, and Translation}},
    year = {2007}
}

@INPROCEEDINGS{Zhao06bitam:bilingual,
    author = {Bing Zhao and Eric P. Xing},
    title = {{BiTAM}: Bilingual topic admixture models for word alignment},
    booktitle = {ACL},
    year = {2006}
}

@inproceedings{Yarowsky:2001:IMP,
 author = {Yarowsky, David and Ngai, Grace},
 title = {Inducing Multilingual POS Taggers and NP Bracketers via Robust Projection Across Aligned Corpora},
 booktitle = {NAACL},
 year = {2001},
} 


@InProceedings{green-EtAl:2011:Entity,
  author      = {Spence Green and Nicholas Andrews and Matthew R. Gormley and Mark Dredze and Christopher D. Manning},
  title       = {Entity Clustering Across Languages},
  booktitle   = {NAACL},
  month       = {June},
  year        = {2012},
}

@InProceedings{wang-che-manning:2013:ACL2013,
  author    = {Wang, Mengqiu  and  Che, Wanxiang  and  Manning, Christopher D.},
  title     = {Joint Word Alignment and Bilingual Named Entity Recognition Using Dual Decomposition},
  booktitle = {ACL},
  year      = {2013},
}

@InProceedings{green-EtAl:2013:ACL2013,
  author    = {Green, Spence  and  Wang, Sida  and  Cer, Daniel  and  Manning, Christopher D.},
  title     = {Fast and Adaptive Online Training of Feature-Rich Translation Models},
  booktitle = {ACL},
  year      = {2013},
}

@InProceedings{cer-EtAl:2010:DEMO,
	author    = {Cer, Daniel  and  Galley, Michel  and  Jurafsky, Daniel  and  Manning, Christopher D.},
	title     = {Phrasal: A Statistical Machine Translation Toolkit for Exploring New Model Features},
	booktitle = {NAACL-HLT, Demonstration Session},
	year      = {2010},
}

@InProceedings{jin12ws353zh,
  author    = {Jin, Peng  and  Wu, Yunfang},
  title     = {SemEval-2012 Task 4: Evaluating Chinese Word Similarity},
  booktitle = {SemEval},
  year      = {2012},
}

@inproceedings{Socher-etal:2013:sentiment,
  Author = {Socher, Richard  and  Perelygin, Alex  and  Wu, Jean  and  Chuang, Jason  and  Manning, Christopher D.  and  Ng, Andrew Y.  and  Potts, Christopher},
  Booktitle = {EMNLP},
  Title = {Recursive Deep Models for Semantic Compositionality Over a Sentiment Treebank},
  Year = {2013}}

@inproceedings{SocherEtAl2013:CVG,
title = {{Parsing With Compositional Vector Grammars}},
author = {Richard Socher and John Bauer and Christopher D. Manning and Andrew Y. Ng},
booktitle = {{ACL}},
year = {2013}
}

@article{duchi11adagrad,
  author    = {John C. Duchi and
               Elad Hazan and
               Yoram Singer},
  title     = {Adaptive Subgradient Methods for Online Learning and Stochastic
               Optimization},
  journal   = {JMLR},
  volume    = {12},
  year      = {2011},
  pages     = {2121-2159},
}

@article{gutmann12nce,
  author    = {Michael Gutmann and
               Aapo Hyv{\"a}rinen},
  title     = {Noise-Contrastive Estimation of Unnormalized Statistical
               Models, with Applications to Natural Image Statistics},
  journal   = {JMLR},
  volume    = {13},
  year      = {2012},
  pages     = {307-361},
}

@inproceedings{mikolov13iclr,
  author    = {Tomas Mikolov and
               Kai Chen and
               Greg Corrado and
               Jeffrey Dean},
  title     = {Efficient Estimation of Word Representations in Vector Space},
  booktitle = {ICLR},
  year      = {2013},
}

@inproceedings{mnih13nce,
  author    = {Mnih, Andriy and Kavukcuoglu, Koray},
  title     = {Learning word embeddings efficiently with noise-contrastive estimation},
  booktitle = {NIPS},
  year      = {2013},
}

@inproceedings{mikolov13nips,
  author    = {Tomas Mikolov and
               Ilya Sutskever and
               Kai Chen and
               Greg Corrado and
               Jeffrey Dean},
  title     = {Distributed Representations of Words and Phrases and their
               Compositionality},
  booktitle = {NIPS},
  year      = {2013},
}

@inproceedings{liang06alignment,
  author = {Percy Liang and Ben Taskar and Dan Klein},
  booktitle = {NAACL},
  title = {Alignment by Agreement},
  year = {2006},
}

@inproceedings{luong13,
  Author = {Luong, Minh-Thang  and  Socher, Richard and Manning, Christopher D.},
  Booktitle = {CoNLL},
  Title = {Better Word Representations with Recursive Neural Networks for Morphology},
  Year = {2013},
}

@inproceedings{MnihTeh2012,
  title={A fast and simple algorithm for training neural probabilistic language models},
  author={Mnih, Andriy and Teh, Yee Whye},
  booktitle={ICML},
  year={2012},
}

@inproceedings{zou13bilingual,
 author = {Will Y. Zou and Richard Socher and Daniel Cer and Christopher D. Manning},
 booktitle = {EMNLP},
 title = {Bilingual Word Embeddings for Phrase-Based Machine Translation},
 year = {2013},
}

@article{mikolov13mt,
  author    = {Tomas Mikolov and
               Quoc V. Le and
               Ilya Sutskever},
  title     = {Exploiting Similarities among Languages for Machine Translation},
  journal   = {CoRR},
  volume    = {abs/1309.4168},
  year      = {2013},
  ee        = {http://arxiv.org/abs/1309.4168},
}

@inproceedings{mikolov13regularities,
  author    = {Mikolov, Tomas and Yih, Wen-tau and
               Zweig, Geoffrey},
  title     = {Linguistic Regularities in Continuous Space Word Representations},
  booktitle = {NAACL-HLT},
  year      = {2013},
}


@InProceedings{alexandrescu2006factoredNLM,
  author    = {Alexandrescu, Andrei  and  Kirchhoff, Katrin},
  title     = {Factored Neural Language Models},
  booktitle = {NAACL},
  year      = {2006},
  url       = {http://www.aclweb.org/anthology/N/N06/N06-2001}
}

@inproceedings{MikolovKBCK11,
  author    = {Mikolov, Tomas and
               Kombrink, Stefan and
               Burget, Lukas and
               Cernock{\'y}, Jan and
               Khudanpur, Sanjeev},
  title     = {Extensions of recurrent neural network language model},
  booktitle = {ICASSP},
  year      = {2011},
}

@inproceedings{MikolovKBCK10,
  author    = {Mikolov, Tomas and
               Martin Karafi{\'a}t and
               Burget, Lukas and
               Cernock{\'y}, Jan and
               Khudanpur, Sanjeev},
  title     = {Recurrent neural network based language model},
  booktitle = {INTERSPEECH},
  year      = {2010},
}

@InProceedings{MnihHinton2009,
  title={A Scalable Hierarchical Distributed Language Model},
  author={Mnih, Andriy and Hinton, Geoffrey},
  booktitle = {NIPS},
  year = {2009}
}

@inproceedings{collobert2011distriminateParsing,
  title = {Deep Learning for Efficient Discriminative Parsing},
  author = {R. Collobert},
  booktitle = {AISTATS},
  year = {2011}
}

@article{goller:ieeenn00,
  author = {Goller, C. and K{\"u}chler, A.},
  journal = {IEEE Transactions on Neural Networks},
  pages = {347--352},
  title = {Learning Task-Dependent Distributed Representations by Backpropagation Through Structure},
  volume = 1,
  year = 1996,
}

@MISC{Ratliff_subgradient,
    author = {Ratliff, Nathan D.  and Bagnell, J. Andrew  and Zinkevich, Martin A.},
    title = {Online Subgradient Methods for Structured Prediction},
    booktitle = {AISTATS},
    year = {2007}
}
@inproceedings{Socher10Phrase,
    author = {Socher, Richard and Manning, Christopher and Ng, Andrew},
    booktitle = {NIPS*2010 Workshop on Deep Learning and Unsupervised Feature Learning},
    title = {Learning Continuous Phrase Representations and Syntactic Parsing with Recursive Neural Networks},
    year = {2010}
}


@InProceedings{SocherEtAl2011:RNN,
author = {R. Socher and Cliff C. Lin and A. Y. Ng and C. D. Manning},
title = {Parsing Natural Scenes and Natural Language with Recursive Neural Networks},
booktitle = {ICML},
year = 2011
}

@article{Creutz:2007,
 author = {Creutz, Mathias and Lagus, Krista},
 title = {Unsupervised models for morpheme segmentation and morphology learning},
 journal = {ACM Transactions on Speech and Language Processing},
 volume = {4},
 issue = {1},
 year = {2007},
 pages = {3:1--3:34},
}

@inproceedings{werbos1990,
  author = {Werbos, P.},
  booktitle = {Proceedings of the IEEE},
  pages = {1550--1560},
  title = {Back propagation through time: What it does and how to do it.},
  volume = 78,
  year = 1990,
}


@article{miller-91,
    author = {Miller, George A. and Charles, Walter G.},
    journal = {Language and Cognitive Processes},
    number = {1},
    pages = {1--28},
    title = {{Contextual correlates of semantic similarity}},
    volume = {6},
    year = {1991}
}

@article{FinkelsteinGMRSWR02ws353,
  author    = {Finkelstein, Lev and
               Gabrilovich, Evgeniy and
               Matias, Yossi and
               Rivlin, Ehud and
               Solan, Zach and
               Wolfman, Gadi and
               Ruppin, Eytan},
  title     = {Placing search in context: the concept revisited},
  journal   = {ACM Transactions on Information Systems},
  volume    = {20},
  number    = {1},
  year      = {2002},
  pages     = {116-131},
}

@article{Rubenstein:1965:CCS,
 author = {Rubenstein, Herbert and Goodenough, John B.},
 title = {Contextual correlates of synonymy},
 journal = {Communications of the ACM},
 issue_date = {Oct. 1965},
 volume = {8},
 number = {10},
 year = {1965},
 pages = {627--633},
}

@ARTICLE{Rohde06animproved,
    author = {Douglas L. T. Rohde and Laura M. Gonnerman and David C. Plaut},
    title = {An improved model of semantic similarity based on lexical co-occurence },
    journal = {Communications of the ACM},
    year = {2006},
    volume = {8},
    pages = {627--633}
}

@ARTICLE{Miller1995,
  author = {Miller, G.A.},
  title = {{WordNet: A Lexical Database for English}},
  journal = {Communications of the ACM},
  year = {1995},
}

@article{nelson2005wha,
title={What is preexisting strength? Predicting free association probabilities, similarity ratings, and cued recall probabilities.},
author={Nelson, D.L. and Dyrdal, G.M. and Goodmon, L.B.},
journal={Psychon Bull Rev},
volume={12},
number={4},
pages={711-719},
year={2005},
}

@inproceedings{HuangEtAl2012,
author = {E. H. Huang and R. Socher and C. D. Manning and A. Y. Ng},
title = {Improving Word Representations via Global Context and Multiple Word Prototypes},
booktitle = {ACL},
year = {2012}
}


@InProceedings{reisinger:naacl10,
title={Multi-Prototype Vector-Space Models of Word Meaning},
author={Reisinger, Joseph and Mooney, Raymond J.},
booktitle={NAACL},
year={2010}
}
@MISC{shaoul10westbury,
  author =       {Shaoul, Cyrus and Westbury, Chris},
  title =        {The {Westbury} Lab Wikipedia Corpus},
  howpublished = {Edmonton, AB: University of Alberta},
  year =         {2010},
}
 %. \url{http://www.psych.ualberta.ca/~westburylab/downloads/westburylab.wikicorp.download.html}},

@inproceedings{Snow:2008:CFG,
 author = {Snow, Rion and O'Connor, Brendan and Jurafsky, Daniel and Ng, Andrew Y.},
 title = {Cheap and fast---but is it good?: {Evaluating} non-expert annotations for natural language tasks},
 booktitle = {EMNLP},
 year = {2008},
}

@inproceedings{mikolovLM,
  author    = {Mikolov, Tomas and
               Zweig, Geoffrey},
  title     = {Context dependent recurrent neural network language model},
  booktitle = {SLT},
  year      = {2012},
}

@ARTICLE{Collobert2011jmlr,
  author = {R. Collobert and J. Weston and L. Bottou and M. Karlen and K. Kavukcuoglu
	and P. Kuksa},
  title = {Natural Language Processing (Almost) from Scratch},
  journal = {JMLR},
  year = {2011},
  volume = {12},
  pages = {2493--2537},
}

@ARTICLE{Bengio2003,
  author = {Bengio, Y. and Ducharme, R. and Vincent, P. and Janvin, C.},
  title = {A neural probabilistic language model},
  journal = {JMLR},
  year = {2003},
  volume = {3},
  pages = {1137--1155},
}

@INPROCEEDINGS{Morin2005,
  author = {Morin, Frederic},
  title = {Hierarchical probabilistic neural network language model. {AI}STATS'05},
  booktitle = {AISTATS},
  year = {2005},
}

@INPROCEEDINGS{Socher2011b,
  author = {R. Socher and J. Pennington and E. H. Huang and A. Y. Ng and C. D.
	Manning},
  title = {Semi-Supervised Recursive Autoencoders for Predicting Sentiment
	Distributions},
  booktitle = {EMNLP},
  year = {2011},
}

@INPROCEEDINGS{Glorot2011,
  author = {Glorot, X. and Bordes, A. and Bengio, Y.},
  title = {Domain Adaptation for Large-Scale Sentiment Classification: A Deep
	Learning Approach},
  booktitle = {ICML},
  year = {2011},
}

@INPROCEEDINGS{Mnih2007,
  author = {Mnih, Andriy and Hinton, Geoffrey},
  title = {Three new graphical models for statistical language modelling},
  booktitle = {ICML},
  year = {2007},
}

@INPROCEEDINGS{Socher2011,
  author = {R. Socher and E. H. Huang and J. Pennington and A. Y. Ng and C. D.
	Manning},
  title = {Dynamic Pooling and Unfolding Recursive Autoencoders for Paraphrase
	Detection},
  booktitle = {{NIPS}},
  year = {2011},
}

@INPROCEEDINGS{Socher2012,
  author = {R. Socher and B. Huval and C. D. Manning and A. Y. Ng},
  title = {Semantic Compositionality Through Recursive Matrix-Vector Spaces},
  booktitle = {EMNLP},
  year = {2012},
}

@INPROCEEDINGS{Turian2010,
  author = {Turian, J. and Ratinov, L. and Bengio, Y.},
  title = {Word representations: a simple and general method for semi-supervised
	learning},
  booktitle = {ACL},
  year = {2010},
}

@INPROCEEDINGS{Collobert2008,
  author = {R. Collobert and J. Weston},
  title = {A unified architecture for natural language processing: deep neural
	networks with multitask learning},
  booktitle = {ICML},
  year = {2008},
}

@conference{koo:08,
  title={Simple semi-supervised dependency parsing},
  author={Koo, Terry and Carreras, Xavier and Collins, Michael},
  booktitle={ACL},
  year={2008},
}

@inproceedings{Ratinov09,
  author = {Ratinov, Lev and Roth, Dan},
  title = {Design Challenges and Misconceptions in Named Entity Recognition},
  booktitle = {CoNLL},
  year = {2009},
}

@inproceedings{Clark03,
  author = {Clark, Alexander},
  title = {Combining distributional and morphological information for part of speech induction},
  booktitle = {EACL},
  year = {2003}
}

@inproceedings{Smith:2005:CET,
 author = {Smith, Noah A. and Eisner, Jason},
 title = {Contrastive estimation: training log-linear models on unlabeled data},
 booktitle = {ACL},
 year = {2005},
}

@incollection{Rumelhart:1986:LPT,
  author = {Rumelhart, David E. and McClelland, James L.},
  booktitle = {Parallel Distributed Processing. {Volume 2}: Psychological and Biological
	Models},
  editor = {McClelland, J. L. and Rumelhart, D. E. and {{PDP Research Group}}},
  pages = {216-271},
  publisher = {MIT Press},
  title = {On Learning the Past Tenses of {English} Verbs},
  year = 1986
}

@article{plunkett91ushaped,
    author = {Plunkett, K. and Marchman, V.},
    number = {1},
    pages = {43--102},
    priority = {3},
    title = {U-shaped learning and frequency effects in a multi-layered perceptron: implications for child language acquisition},
    journal = {Cognition},
    volume = {38},
    year = {1991}
}

@inproceedings{GasserL90,
  title = {A Short-Term Memory Architecture for the Learning of Morphophonemic Rules},
  author = {Gasser, Michael and Lee, Chan-Do},
  year = {1990},
  booktitle = {NIPS},
}

@inproceedings{Gasser94,
  author    = {Gasser, Michael},
  title     = {Acquiring Receptive Morphology: A Connectionist Model},
  booktitle = {ACL},
  year      = {1994},
}

@inproceedings{Angeliki13compositional,
 author = {Lazaridou, Angeliki and Marelli, Marco and Zamparelli, Roberto and Baroni, Marco},
 title = {Compositional-ly Derived Representations of Morphologically Complex Words in Distributional Semantics},
 booktitle = {ACL},
 year = {2013},
}

@inproceedings{devlin14, 
title="Fast and Robust Neural Network Joint Models for Statistical Machine Translation",
author="J. Devlin and R. Zbib and Z. Huang and T. Lamar and R. Schwartz and J. Makhoul",
year=2014,
booktitle="ACL"
}

@article{gulcehre2015using,
  title={On Using Monolingual Corpora in Neural Machine Translation},
  author={Gulcehre, Caglar and Firat, Orhan and Xu, Kelvin and Cho, Kyunghyun and Barrault, Loic and Lin, Huei-Chi and Bougares, Fethi and Schwenk, Holger and Bengio, Yoshua},
  journal={arXiv preprint arXiv:1503.03535},
  year={2015}
}

@inproceedings{pham2014dropout,
  title={Dropout improves recurrent neural networks for handwriting recognition},
  author={Pham, Vu and Bluche, Th{\'e}odore and Kermorvant, Christopher and Louradour, J{\'e}r{\^o}me},
  booktitle={Frontiers in Handwriting Recognition (ICFHR), 2014 14th International Conference on},
  pages={285--290},
  year={2014},
  organization={IEEE}
}
